<record><leader>00000cas a22000007a 4500</leader><controlfield tag="001">34494646</controlfield><controlfield tag="008">960401c19969999gauwr ne      0   a0eng c</controlfield><controlfield tag="009">467</controlfield><datafield ind1=" " ind2=" " tag="010"><subfield code="a">sn 96003279 </subfield></datafield><datafield ind1=" " ind2=" " tag="040"><subfield code="a">NSD</subfield><subfield code="b">eng</subfield><subfield code="c">NSD</subfield><subfield code="d">NLG</subfield><subfield code="d">OCLCQ</subfield></datafield><datafield ind1=" " ind2=" " tag="012"><subfield code="m">1</subfield></datafield><datafield ind1="1" ind2=" " tag="022"><subfield code="a">1088-0011</subfield><subfield code="l">1088-0011</subfield><subfield code="2">1</subfield></datafield><datafield ind1="1" ind2=" " tag="029"><subfield code="a">AU@</subfield><subfield code="b">000025877339</subfield></datafield><datafield ind1=" " ind2=" " tag="032"><subfield code="a">512660</subfield><subfield code="b">USPS</subfield></datafield><datafield ind1=" " ind2=" " tag="037"><subfield code="b">Morris Newspaper Corporation, 270 Columbia Ave., Rincon, GA 31326</subfield></datafield><datafield ind1=" " ind2=" " tag="042"><subfield code="a">nsdp</subfield><subfield code="a">pcc</subfield></datafield><datafield ind1=" " ind2="4" tag="222"><subfield code="a">The Effingham herald</subfield></datafield><datafield ind1="0" ind2="4" tag="245"><subfield code="a">The Effingham herald.</subfield></datafield><datafield ind1=" " ind2=" " tag="260"><subfield code="a">Rincon, Ga. :</subfield><subfield code="b">Morris Newspaper Corp.</subfield></datafield><datafield ind1=" " ind2=" " tag="300"><subfield code="a">v.</subfield></datafield><datafield ind1=" " ind2=" " tag="310"><subfield code="a">Weekly</subfield></datafield><datafield ind1="0" ind2=" " tag="362"><subfield code="a">Vol. 88, no. 6 (Feb. 7, 1996)-</subfield></datafield><datafield ind1=" " ind2="4" tag="651"><subfield code="a">Rincon (Ga.)</subfield><subfield code="v">Newspapers.</subfield></datafield><datafield ind1=" " ind2=" " tag="752"><subfield code="a">United States</subfield><subfield code="b">Georgia</subfield><subfield code="c">Effingham</subfield><subfield code="d">Rincon.</subfield></datafield><datafield ind1="0" ind2="0" tag="780"><subfield code="t">Herald (Rincon, Ga.)</subfield><subfield code="x">0899-627X</subfield><subfield code="w">(DLC)sn 88002208</subfield><subfield code="w">(OCoLC)18171726</subfield></datafield></record>